@online{ConfiguratieVoorstudie,
	author = {Andrew Sutton and Jonathan I. Maletic},
	title = {How We Manage Portability and Configuration with the C Preprocessor},
	year = {2007},
	urldate = {2021-05-07},
	url = {https://citeseerx.ist.psu.edu/viewdoc/download?doi=10.1.1.142.4484&rep=rep1&type=pdf},

}

@online{CloudFlareUDP,
	author = {Cloudflare},
	title = {What is UDP?},
	year = {2018},
	urldate = {2021-05-07},
	url = {https://www.cloudflare.com/learning/ddos/glossary/user-datagram-protocol-udp/}

}

@online{LWIP,
	author = {Texas Instruments},
	title = {Using the StellarisÂ® Ethernet Controller With Lightweight IP (lwIP)},
	year = {2009},
	urldate = {2021-05-07},
	url = {https://www.ti.com/lit/an/spma025c/spma025c.pdf?ts=1620382575254&ref_url=https%253A%252F%252Fwww.google.com%252F}
}

@online{lwipuip,
	author = { Adam Dunkels },
	title = {Software},
	year = {2018},
	urldate = {2021-05-07},
	url = {http://dunkels.com/adam/software.html#:~:text=lwIP%20is%20a%20small%20TCP,used%20in%20many%20commercial%20products.},
}

@online{microcontroller,
	author = {Infinineon},
	title = {XMC4700-F144K2048 AA},
	year = {2018},
	urldate = {2021-05-10},
	url = {https://www.infineon.com/cms/en/product/microcontroller/32-bit-industrial-microcontroller-based-on-arm-cortex-m/32-bit-xmc4000-industrial-microcontroller-arm-cortex-m4/xmc4700-f144k2048-aa/}

}

@online{relay,
	author = {Electronics Tutorial},
	title = {Electrical Relay},
	year = {2020},
	urldate = {2021-05-11},
	url = {https://www.electronics-tutorials.ws/io/io_5.html}
}

@online{DIP,
	author = {RS},
	title = {What is a DIP switch?},
	year = {2020},
	urldate = {2021-05-11},
	url = {https://uk.rs-online.com/web/generalDisplay.html?id=ideas-and-advice/dip-switches-guide}
}

@online{UART,
	author = {Scott Campbell},
	title = {Basics of UART communication},
	year = {2020},
	urldate = {2021-05-12},
	url = {https://www.circuitbasics.com/basics-uart-communication/}
}

@online{RS232,
	author = {Dhaval Kaneria},
	title = {Difference Between RS232 and UART},
	year = {2014},
	urldate = {2021-05-12},
	url = {https://kaneriadhaval.blogspot.com/2014/06/difference-between-rs232-and-uart.html}
}

@online{FullDuplex,
	author = {Sonetics},
	title = {How It Works: Full-Duplex Communication},
	year = {2016},
	urldate = {2021-05-12},
	url = {https://www.soneticscorp.com/how-it-works-full-duplex-communication/}
}

@online{RS422,
	author = {Optcore},
	title = {What is the difference between RS-232, RS-422, and RS-485?},
	year = {2018},
	urldate = {2021-05-12},
	url = {https://www.optcore.net/difference-between-rs-232-rs-422-and-rs-485/}
}

@online{can,
	author = {Kvaser},
	title = {The CAN Protocol Tutorial},
	year = {2014},
	urldate = {2021-05-18},
	url = {https://www.kvaser.com/can-protocol-tutorial/}
}